%% This BibTeX bibliography file was created using BibDesk.
%% http://bibdesk.sourceforge.net/


%% Created for Cedric Pasteur at 2013-03-29 10:51:35 +0100


%% Saved with string encoding Unicode (UTF-8)



@manual{lwt_manual,
	Author = {J{\'e}r{\'e}mie Dimino},
	Date-Added = {2013-03-29 10:49:21 +0100},
	Date-Modified = {2013-03-29 10:51:35 +0100},
	Title = {LWT User Manual},
	Year = {2012},
  Note = {\url{http://ocsigen.org/lwt/manual/}} }

@misc{Berry:1996,
	Author = {G. Berry},
	Date-Added = {2013-02-13 11:10:56 +0100},
	Date-Modified = {2013-02-13 11:10:56 +0100},
	Keywords = {semantics; esterel},
	Title = {The Constructive Semantics of Pure Esterel},
	Year = {1996},
	Bdsk-File-1 = {YnBsaXN0MDDUAQIDBAUGJCVYJHZlcnNpb25YJG9iamVjdHNZJGFyY2hpdmVyVCR0b3ASAAGGoKgHCBMUFRYaIVUkbnVsbNMJCgsMDRBWJGNsYXNzV05TLmtleXNaTlMub2JqZWN0c4AHog4PgAKAA6IREoAEgAVccmVsYXRpdmVQYXRoWWFsaWFzRGF0YV8QHi4uLy4uLy4uL3BhcGVycy9CZXJyeSAxOTk2LnBkZtIJFxgZV05TLmRhdGGABk8RAagAAAAAAagAAgAADE1hY2ludG9zaCBIRAAAAAAAAAAAAAAAAAAAAMmIDGFIKwAAAA+1Xg5CZXJyeSAxOTk2LnBkZgAAAAAAAAAAAAAAAAAAAAAAAAAAAAAAAAAAAAAAAAAAAAAAAAAAAAAAAAAAAAAAAAAAJxt1yhJcYAAAAAAAAAAAAAMAAgAACSAAAAAAAAAAAAAAAAAAAAAGcGFwZXJzABAACAAAyYf+UQAAABEACAAAyhJAQAAAAAEAFAAPtV4ABwqlAAcH/QAFrsQAAJGeAAIARk1hY2ludG9zaCBIRDpVc2VyczpjY3Bhc3RldXI6RHJvcGJveDpTYXV2ZWdhcmRlczpwYXBlcnM6QmVycnkgMTk5Ni5wZGYADgAeAA4AQgBlAHIAcgB5ACAAMQA5ADkANgAuAHAAZABmAA8AGgAMAE0AYQBjAGkAbgB0AG8AcwBoACAASABEABIAOVVzZXJzL2NjcGFzdGV1ci9Ecm9wYm94L1NhdXZlZ2FyZGVzL3BhcGVycy9CZXJyeSAxOTk2LnBkZgAAEwABLwAAFQACABD//wAA0hscHR5aJGNsYXNzbmFtZVgkY2xhc3Nlc11OU011dGFibGVEYXRhox0fIFZOU0RhdGFYTlNPYmplY3TSGxwiI1xOU0RpY3Rpb25hcnmiIiBfEA9OU0tleWVkQXJjaGl2ZXLRJidUcm9vdIABAAgAEQAaACMALQAyADcAQABGAE0AVABcAGcAaQBsAG4AcABzAHUAdwCEAI4ArwC0ALwAvgJqAm8CegKDApEClQKcAqUCqgK3AroCzALPAtQAAAAAAAACAQAAAAAAAAAoAAAAAAAAAAAAAAAAAAAC1g==}}

@article{Harel:1985,
	Author = {Harel, D. and Pnueli, A.},
	Date-Added = {2013-01-29 10:13:02 +0100},
	Date-Modified = {2013-01-29 10:13:02 +0100},
	Isbn = {0387151818},
	Journal = {Logics and models of concurrent systems},
	Keywords = {reactive system},
	Pages = {477},
	Publisher = {Springer Verlag},
	Title = {{On the Development of Reactive Systems}},
	Year = {1985},
	Bdsk-File-1 = {YnBsaXN0MDDUAQIDBAUGJCVYJHZlcnNpb25YJG9iamVjdHNZJGFyY2hpdmVyVCR0b3ASAAGGoKgHCBMUFRYaIVUkbnVsbNMJCgsMDRBWJGNsYXNzV05TLmtleXNaTlMub2JqZWN0c4AHog4PgAKAA6IREoAEgAVccmVsYXRpdmVQYXRoWWFsaWFzRGF0YV8QHi4uLy4uLy4uL3BhcGVycy9IYXJlbCAxOTg1LnBkZtIJFxgZV05TLmRhdGGABk8RAagAAAAAAagAAgAADE1hY2ludG9zaCBIRAAAAAAAAAAAAAAAAAAAAMmIDGFIKwAAAA+1Xg5IYXJlbCAxOTg1LnBkZgAAAAAAAAAAAAAAAAAAAAAAAAAAAAAAAAAAAAAAAAAAAAAAAAAAAAAAAAAAAAAAAAAAIRYfyUvdzgAAAAAAAAAAAAMAAgAACSAAAAAAAAAAAAAAAAAAAAAGcGFwZXJzABAACAAAyYf+UQAAABEACAAAyUvPvgAAAAEAFAAPtV4ABwqlAAcH/QAFrsQAAJGeAAIARk1hY2ludG9zaCBIRDpVc2VyczpjY3Bhc3RldXI6RHJvcGJveDpTYXV2ZWdhcmRlczpwYXBlcnM6SGFyZWwgMTk4NS5wZGYADgAeAA4ASABhAHIAZQBsACAAMQA5ADgANQAuAHAAZABmAA8AGgAMAE0AYQBjAGkAbgB0AG8AcwBoACAASABEABIAOVVzZXJzL2NjcGFzdGV1ci9Ecm9wYm94L1NhdXZlZ2FyZGVzL3BhcGVycy9IYXJlbCAxOTg1LnBkZgAAEwABLwAAFQACABD//wAA0hscHR5aJGNsYXNzbmFtZVgkY2xhc3Nlc11OU011dGFibGVEYXRhox0fIFZOU0RhdGFYTlNPYmplY3TSGxwiI1xOU0RpY3Rpb25hcnmiIiBfEA9OU0tleWVkQXJjaGl2ZXLRJidUcm9vdIABAAgAEQAaACMALQAyADcAQABGAE0AVABcAGcAaQBsAG4AcABzAHUAdwCEAI4ArwC0ALwAvgJqAm8CegKDApEClQKcAqUCqgK3AroCzALPAtQAAAAAAAACAQAAAAAAAAAoAAAAAAAAAAAAAAAAAAAC1g==}}

@inproceedings{Benveniste:2003,
	Author = {Albert Benveniste and Paul Caspi and Stephen A. Edwards and Nicolas Halbwachs and Paul Le Guernic and Robert De Simone},
	Booktitle = {Proceedings of the IEEE},
	Date-Added = {2013-01-29 09:45:52 +0100},
	Date-Modified = {2013-01-29 09:45:52 +0100},
	Keywords = {synchronous programming},
	Pages = {64--83},
	Title = {The synchronous languages twelve years later},
	Year = {2003},
	Bdsk-File-1 = {YnBsaXN0MDDUAQIDBAUGJCVYJHZlcnNpb25YJG9iamVjdHNZJGFyY2hpdmVyVCR0b3ASAAGGoKgHCBMUFRYaIVUkbnVsbNMJCgsMDRBWJGNsYXNzV05TLmtleXNaTlMub2JqZWN0c4AHog4PgAKAA6IREoAEgAVccmVsYXRpdmVQYXRoWWFsaWFzRGF0YV8QIy4uLy4uLy4uL3BhcGVycy9CZW52ZW5pc3RlIDIwMDMucGRm0gkXGBlXTlMuZGF0YYAGTxEBvAAAAAABvAACAAAMTWFjaW50b3NoIEhEAAAAAAAAAAAAAAAAAAAAyYgMYUgrAAAAD7VeE0JlbnZlbmlzdGUgMjAwMy5wZGYAAAAAAAAAAAAAAAAAAAAAAAAAAAAAAAAAAAAAAAAAAAAAAAAAAAAAAAAAAAAhFkfJS93JAAAAAAAAAAAAAwACAAAJIAAAAAAAAAAAAAAAAAAAAAZwYXBlcnMAEAAIAADJh/5RAAAAEQAIAADJS8+5AAAAAQAUAA+1XgAHCqUABwf9AAWuxAAAkZ4AAgBLTWFjaW50b3NoIEhEOlVzZXJzOmNjcGFzdGV1cjpEcm9wYm94OlNhdXZlZ2FyZGVzOnBhcGVyczpCZW52ZW5pc3RlIDIwMDMucGRmAAAOACgAEwBCAGUAbgB2AGUAbgBpAHMAdABlACAAMgAwADAAMwAuAHAAZABmAA8AGgAMAE0AYQBjAGkAbgB0AG8AcwBoACAASABEABIAPlVzZXJzL2NjcGFzdGV1ci9Ecm9wYm94L1NhdXZlZ2FyZGVzL3BhcGVycy9CZW52ZW5pc3RlIDIwMDMucGRmABMAAS8AABUAAgAQ//8AANIbHB0eWiRjbGFzc25hbWVYJGNsYXNzZXNdTlNNdXRhYmxlRGF0YaMdHyBWTlNEYXRhWE5TT2JqZWN00hscIiNcTlNEaWN0aW9uYXJ5oiIgXxAPTlNLZXllZEFyY2hpdmVy0SYnVHJvb3SAAQAIABEAGgAjAC0AMgA3AEAARgBNAFQAXABnAGkAbABuAHAAcwB1AHcAhACOALQAuQDBAMMCgwKIApMCnAKqAq4CtQK+AsMC0ALTAuUC6ALtAAAAAAAAAgEAAAAAAAAAKAAAAAAAAAAAAAAAAAAAAu8=}}

@article{Claessen:1999,
	Author = {Claessen, K.},
	Date-Added = {2013-01-29 08:59:59 +0100},
	Date-Modified = {2013-01-29 08:59:59 +0100},
	Journal = {Journal of Functional Programming},
	Keywords = {concurrency},
	Number = {03},
	Pages = {313--323},
	Publisher = {Cambridge Univ Press},
	Title = {A poor man's concurrency monad},
	Volume = {9},
	Year = {1999},
	Bdsk-File-1 = {YnBsaXN0MDDUAQIDBAUGJCVYJHZlcnNpb25YJG9iamVjdHNZJGFyY2hpdmVyVCR0b3ASAAGGoKgHCBMUFRYaIVUkbnVsbNMJCgsMDRBWJGNsYXNzV05TLmtleXNaTlMub2JqZWN0c4AHog4PgAKAA6IREoAEgAVccmVsYXRpdmVQYXRoWWFsaWFzRGF0YV8QIS4uLy4uLy4uL3BhcGVycy9DbGFlc3NlbiAxOTk5LnBkZtIJFxgZV05TLmRhdGGABk8RAbQAAAAAAbQAAgAADE1hY2ludG9zaCBIRAAAAAAAAAAAAAAAAAAAAMmIDGFIKwAAAA+1XhFDbGFlc3NlbiAxOTk5LnBkZgAAAAAAAAAAAAAAAAAAAAAAAAAAAAAAAAAAAAAAAAAAAAAAAAAAAAAAAAAAAAAA7h/izS0/zQAAAAAAAAAAAAMAAgAACSAAAAAAAAAAAAAAAAAAAAAGcGFwZXJzABAACAAAyYf+UQAAABEACAAAzS0xvQAAAAEAFAAPtV4ABwqlAAcH/QAFrsQAAJGeAAIASU1hY2ludG9zaCBIRDpVc2VyczpjY3Bhc3RldXI6RHJvcGJveDpTYXV2ZWdhcmRlczpwYXBlcnM6Q2xhZXNzZW4gMTk5OS5wZGYAAA4AJAARAEMAbABhAGUAcwBzAGUAbgAgADEAOQA5ADkALgBwAGQAZgAPABoADABNAGEAYwBpAG4AdABvAHMAaAAgAEgARAASADxVc2Vycy9jY3Bhc3RldXIvRHJvcGJveC9TYXV2ZWdhcmRlcy9wYXBlcnMvQ2xhZXNzZW4gMTk5OS5wZGYAEwABLwAAFQACABD//wAA0hscHR5aJGNsYXNzbmFtZVgkY2xhc3Nlc11OU011dGFibGVEYXRhox0fIFZOU0RhdGFYTlNPYmplY3TSGxwiI1xOU0RpY3Rpb25hcnmiIiBfEA9OU0tleWVkQXJjaGl2ZXLRJidUcm9vdIABAAgAEQAaACMALQAyADcAQABGAE0AVABcAGcAaQBsAG4AcABzAHUAdwCEAI4AsgC3AL8AwQJ5An4CiQKSAqACpAKrArQCuQLGAskC2wLeAuMAAAAAAAACAQAAAAAAAAAoAAAAAAAAAAAAAAAAAAAC5Q==}}

@article{Syme:2011,
	Author = {Syme, D. and Petricek, T. and Lomov, D.},
	Date-Added = {2013-01-29 08:52:03 +0100},
	Date-Modified = {2013-02-12 17:28:38 +0100},
	Journal = {Practical Aspects of Declarative Languages},
	Keywords = {concurrency},
	Pages = {175--189},
	Publisher = {Springer},
	Title = {The {F\#} asynchronous programming model},
	Year = {2011},
	Bdsk-File-1 = {YnBsaXN0MDDUAQIDBAUGJCVYJHZlcnNpb25YJG9iamVjdHNZJGFyY2hpdmVyVCR0b3ASAAGGoKgHCBMUFRYaIVUkbnVsbNMJCgsMDRBWJGNsYXNzV05TLmtleXNaTlMub2JqZWN0c4AHog4PgAKAA6IREoAEgAVccmVsYXRpdmVQYXRoWWFsaWFzRGF0YV8QHS4uLy4uLy4uL3BhcGVycy9TeW1lIDIwMTEucGRm0gkXGBlXTlMuZGF0YYAGTxEBpAAAAAABpAACAAAMTWFjaW50b3NoIEhEAAAAAAAAAAAAAAAAAAAAyYgMYUgrAAAAD7VeDVN5bWUgMjAxMS5wZGYAAAAAAAAAAAAAAAAAAAAAAAAAAAAAAAAAAAAAAAAAAAAAAAAAAAAAAAAAAAAAAAAAAADuCE/NLE9vAAAAAAAAAAAAAwACAAAJIAAAAAAAAAAAAAAAAAAAAAZwYXBlcnMAEAAIAADJh/5RAAAAEQAIAADNLEFfAAAAAQAUAA+1XgAHCqUABwf9AAWuxAAAkZ4AAgBFTWFjaW50b3NoIEhEOlVzZXJzOmNjcGFzdGV1cjpEcm9wYm94OlNhdXZlZ2FyZGVzOnBhcGVyczpTeW1lIDIwMTEucGRmAAAOABwADQBTAHkAbQBlACAAMgAwADEAMQAuAHAAZABmAA8AGgAMAE0AYQBjAGkAbgB0AG8AcwBoACAASABEABIAOFVzZXJzL2NjcGFzdGV1ci9Ecm9wYm94L1NhdXZlZ2FyZGVzL3BhcGVycy9TeW1lIDIwMTEucGRmABMAAS8AABUAAgAQ//8AANIbHB0eWiRjbGFzc25hbWVYJGNsYXNzZXNdTlNNdXRhYmxlRGF0YaMdHyBWTlNEYXRhWE5TT2JqZWN00hscIiNcTlNEaWN0aW9uYXJ5oiIgXxAPTlNLZXllZEFyY2hpdmVy0SYnVHJvb3SAAQAIABEAGgAjAC0AMgA3AEAARgBNAFQAXABnAGkAbABuAHAAcwB1AHcAhACOAK4AswC7AL0CZQJqAnUCfgKMApAClwKgAqUCsgK1AscCygLPAAAAAAAAAgEAAAAAAAAAKAAAAAAAAAAAAAAAAAAAAtE=}}

@inproceedings{Jones:1996,
	Author = {Jones, S.P. and Gordon, A. and Finne, S.},
	Booktitle = {Annual Symposium on Principles of Programming Languages: Proceedings of the 23 rd ACM SIGPLAN-SIGACT symposium on Principles of programming languages},
	Date-Added = {2013-01-29 08:52:00 +0100},
	Date-Modified = {2013-01-29 08:52:00 +0100},
	Keywords = {concurrency},
	Number = {24},
	Organization = {Citeseer},
	Pages = {295--308},
	Title = {Concurrent haskell},
	Volume = {21},
	Year = {1996},
	Bdsk-File-1 = {YnBsaXN0MDDUAQIDBAUGJCVYJHZlcnNpb25YJG9iamVjdHNZJGFyY2hpdmVyVCR0b3ASAAGGoKgHCBMUFRYaIVUkbnVsbNMJCgsMDRBWJGNsYXNzV05TLmtleXNaTlMub2JqZWN0c4AHog4PgAKAA6IREoAEgAVccmVsYXRpdmVQYXRoWWFsaWFzRGF0YV8QHi4uLy4uLy4uL3BhcGVycy9Kb25lcyAxOTk2LnBkZtIJFxgZV05TLmRhdGGABk8RAagAAAAAAagAAgAADE1hY2ludG9zaCBIRAAAAAAAAAAAAAAAAAAAAMmIDGFIKwAAAA+1Xg5Kb25lcyAxOTk2LnBkZgAAAAAAAAAAAAAAAAAAAAAAAAAAAAAAAAAAAAAAAAAAAAAAAAAAAAAAAAAAAAAAAAAA7fbMzSwyWgAAAAAAAAAAAAMAAgAACSAAAAAAAAAAAAAAAAAAAAAGcGFwZXJzABAACAAAyYf+UQAAABEACAAAzSwkSgAAAAEAFAAPtV4ABwqlAAcH/QAFrsQAAJGeAAIARk1hY2ludG9zaCBIRDpVc2VyczpjY3Bhc3RldXI6RHJvcGJveDpTYXV2ZWdhcmRlczpwYXBlcnM6Sm9uZXMgMTk5Ni5wZGYADgAeAA4ASgBvAG4AZQBzACAAMQA5ADkANgAuAHAAZABmAA8AGgAMAE0AYQBjAGkAbgB0AG8AcwBoACAASABEABIAOVVzZXJzL2NjcGFzdGV1ci9Ecm9wYm94L1NhdXZlZ2FyZGVzL3BhcGVycy9Kb25lcyAxOTk2LnBkZgAAEwABLwAAFQACABD//wAA0hscHR5aJGNsYXNzbmFtZVgkY2xhc3Nlc11OU011dGFibGVEYXRhox0fIFZOU0RhdGFYTlNPYmplY3TSGxwiI1xOU0RpY3Rpb25hcnmiIiBfEA9OU0tleWVkQXJjaGl2ZXLRJidUcm9vdIABAAgAEQAaACMALQAyADcAQABGAE0AVABcAGcAaQBsAG4AcABzAHUAdwCEAI4ArwC0ALwAvgJqAm8CegKDApEClQKcAqUCqgK3AroCzALPAtQAAAAAAAACAQAAAAAAAAAoAAAAAAAAAAAAAAAAAAAC1g==}}

@inproceedings{Marlow:2004,
	Author = {Marlow, S. and Jones, S.P. and Thaller, W.},
	Booktitle = {Proceedings of the 2004 ACM SIGPLAN workshop on Haskell},
	Date-Added = {2013-01-29 08:51:56 +0100},
	Date-Modified = {2013-02-12 17:30:33 +0100},
	Keywords = {concurrency},
	Organization = {ACM},
	Pages = {22--32},
	Title = {Extending the {Haskell} foreign function interface with concurrency},
	Year = {2004},
	Bdsk-File-1 = {YnBsaXN0MDDUAQIDBAUGJCVYJHZlcnNpb25YJG9iamVjdHNZJGFyY2hpdmVyVCR0b3ASAAGGoKgHCBMUFRYaIVUkbnVsbNMJCgsMDRBWJGNsYXNzV05TLmtleXNaTlMub2JqZWN0c4AHog4PgAKAA6IREoAEgAVccmVsYXRpdmVQYXRoWWFsaWFzRGF0YV8QHy4uLy4uLy4uL3BhcGVycy9NYXJsb3cgMjAwNC5wZGbSCRcYGVdOUy5kYXRhgAZPEQGsAAAAAAGsAAIAAAxNYWNpbnRvc2ggSEQAAAAAAAAAAAAAAAAAAADJiAxhSCsAAAAPtV4PTWFybG93IDIwMDQucGRmAAAAAAAAAAAAAAAAAAAAAAAAAAAAAAAAAAAAAAAAAAAAAAAAAAAAAAAAAAAAAAAAAO3/fs0sQFcAAAAAAAAAAAADAAIAAAkgAAAAAAAAAAAAAAAAAAAABnBhcGVycwAQAAgAAMmH/lEAAAARAAgAAM0sMkcAAAABABQAD7VeAAcKpQAHB/0ABa7EAACRngACAEdNYWNpbnRvc2ggSEQ6VXNlcnM6Y2NwYXN0ZXVyOkRyb3Bib3g6U2F1dmVnYXJkZXM6cGFwZXJzOk1hcmxvdyAyMDA0LnBkZgAADgAgAA8ATQBhAHIAbABvAHcAIAAyADAAMAA0AC4AcABkAGYADwAaAAwATQBhAGMAaQBuAHQAbwBzAGgAIABIAEQAEgA6VXNlcnMvY2NwYXN0ZXVyL0Ryb3Bib3gvU2F1dmVnYXJkZXMvcGFwZXJzL01hcmxvdyAyMDA0LnBkZgATAAEvAAAVAAIAEP//AADSGxwdHlokY2xhc3NuYW1lWCRjbGFzc2VzXU5TTXV0YWJsZURhdGGjHR8gVk5TRGF0YVhOU09iamVjdNIbHCIjXE5TRGljdGlvbmFyeaIiIF8QD05TS2V5ZWRBcmNoaXZlctEmJ1Ryb290gAEACAARABoAIwAtADIANwBAAEYATQBUAFwAZwBpAGwAbgBwAHMAdQB3AIQAjgCwALUAvQC/Am8CdAJ/AogClgKaAqECqgKvArwCvwLRAtQC2QAAAAAAAAIBAAAAAAAAACgAAAAAAAAAAAAAAAAAAALb}}

@article{Leroy:2000,
	Author = {Leroy, X. and Pessaux, F.},
	Date-Added = {2013-01-28 11:40:40 +0100},
	Date-Modified = {2013-01-28 11:40:40 +0100},
	Journal = {ACM Transactions on Programming Languages and Systems (TOPLAS)},
	Keywords = {type system; type-and-effects},
	Number = {2},
	Pages = {340--377},
	Publisher = {ACM},
	Title = {Type-based analysis of uncaught exceptions},
	Volume = {22},
	Year = {2000},
	Bdsk-File-1 = {YnBsaXN0MDDUAQIDBAUGJCVYJHZlcnNpb25YJG9iamVjdHNZJGFyY2hpdmVyVCR0b3ASAAGGoKgHCBMUFRYaIVUkbnVsbNMJCgsMDRBWJGNsYXNzV05TLmtleXNaTlMub2JqZWN0c4AHog4PgAKAA6IREoAEgAVccmVsYXRpdmVQYXRoWWFsaWFzRGF0YV8QHi4uLy4uLy4uL3BhcGVycy9MZXJveSAyMDAwLnBkZtIJFxgZV05TLmRhdGGABk8RAagAAAAAAagAAgAADE1hY2ludG9zaCBIRAAAAAAAAAAAAAAAAAAAAMmIDGFIKwAAAA+1Xg5MZXJveSAyMDAwLnBkZgAAAAAAAAAAAAAAAAAAAAAAAAAAAAAAAAAAAAAAAAAAAAAAAAAAAAAAAAAAAAAAAAAAj+tyy9bNP1BERiBDQVJPAAMAAgAACSAAAAAAAAAAAAAAAAAAAAAGcGFwZXJzABAACAAAyYf+UQAAABEACAAAy9axHwAAAAEAFAAPtV4ABwqlAAcH/QAFrsQAAJGeAAIARk1hY2ludG9zaCBIRDpVc2VyczpjY3Bhc3RldXI6RHJvcGJveDpTYXV2ZWdhcmRlczpwYXBlcnM6TGVyb3kgMjAwMC5wZGYADgAeAA4ATABlAHIAbwB5ACAAMgAwADAAMAAuAHAAZABmAA8AGgAMAE0AYQBjAGkAbgB0AG8AcwBoACAASABEABIAOVVzZXJzL2NjcGFzdGV1ci9Ecm9wYm94L1NhdXZlZ2FyZGVzL3BhcGVycy9MZXJveSAyMDAwLnBkZgAAEwABLwAAFQACABD//wAA0hscHR5aJGNsYXNzbmFtZVgkY2xhc3Nlc11OU011dGFibGVEYXRhox0fIFZOU0RhdGFYTlNPYmplY3TSGxwiI1xOU0RpY3Rpb25hcnmiIiBfEA9OU0tleWVkQXJjaGl2ZXLRJidUcm9vdIABAAgAEQAaACMALQAyADcAQABGAE0AVABcAGcAaQBsAG4AcABzAHUAdwCEAI4ArwC0ALwAvgJqAm8CegKDApEClQKcAqUCqgK3AroCzALPAtQAAAAAAAACAQAAAAAAAAAoAAAAAAAAAAAAAAAAAAAC1g==}}

@article{Huet:1975,
	Author = {Huet, G.P.},
	Date-Added = {2013-01-25 10:04:34 +0100},
	Date-Modified = {2013-01-25 10:04:34 +0100},
	Journal = {Theoretical Computer Science},
	Keywords = {type system},
	Number = {1},
	Pages = {27--57},
	Publisher = {Elsevier},
	Title = {A unification algorithm for typed $\lambda$-calculus},
	Volume = {1},
	Year = {1975}}

@article{Lee:1998a,
	Author = {Lee, O. and Yi, K.},
	Date-Added = {2013-01-25 09:49:41 +0100},
	Date-Modified = {2013-01-25 09:49:41 +0100},
	Journal = {ACM Transactions on Programming Languages and Systems (TOPLAS)},
	Keywords = {type system},
	Number = {4},
	Pages = {707--723},
	Publisher = {ACM},
	Title = {Proofs about a folklore let-polymorphic type inference algorithm},
	Volume = {20},
	Year = {1998},
	Bdsk-File-1 = {YnBsaXN0MDDUAQIDBAUGJCVYJHZlcnNpb25YJG9iamVjdHNZJGFyY2hpdmVyVCR0b3ASAAGGoKgHCBMUFRYaIVUkbnVsbNMJCgsMDRBWJGNsYXNzV05TLmtleXNaTlMub2JqZWN0c4AHog4PgAKAA6IREoAEgAVccmVsYXRpdmVQYXRoWWFsaWFzRGF0YV8QHS4uLy4uLy4uL3BhcGVycy9MZWUgMTk5OGEucGRm0gkXGBlXTlMuZGF0YYAGTxEBpAAAAAABpAACAAAMTWFjaW50b3NoIEhEAAAAAAAAAAAAAAAAAAAAyYgMYUgrAAAAD7VeDUxlZSAxOTk4YS5wZGYAAAAAAAAAAAAAAAAAAAAAAAAAAAAAAAAAAAAAAAAAAAAAAAAAAAAAAAAAAAAAAAAAAADjvgXM7KuSAAAAAAAAAAAAAwACAAAJIAAAAAAAAAAAAAAAAAAAAAZwYXBlcnMAEAAIAADJh/5RAAAAEQAIAADM7J2CAAAAAQAUAA+1XgAHCqUABwf9AAWuxAAAkZ4AAgBFTWFjaW50b3NoIEhEOlVzZXJzOmNjcGFzdGV1cjpEcm9wYm94OlNhdXZlZ2FyZGVzOnBhcGVyczpMZWUgMTk5OGEucGRmAAAOABwADQBMAGUAZQAgADEAOQA5ADgAYQAuAHAAZABmAA8AGgAMAE0AYQBjAGkAbgB0AG8AcwBoACAASABEABIAOFVzZXJzL2NjcGFzdGV1ci9Ecm9wYm94L1NhdXZlZ2FyZGVzL3BhcGVycy9MZWUgMTk5OGEucGRmABMAAS8AABUAAgAQ//8AANIbHB0eWiRjbGFzc25hbWVYJGNsYXNzZXNdTlNNdXRhYmxlRGF0YaMdHyBWTlNEYXRhWE5TT2JqZWN00hscIiNcTlNEaWN0aW9uYXJ5oiIgXxAPTlNLZXllZEFyY2hpdmVy0SYnVHJvb3SAAQAIABEAGgAjAC0AMgA3AEAARgBNAFQAXABnAGkAbABuAHAAcwB1AHcAhACOAK4AswC7AL0CZQJqAnUCfgKMApAClwKgAqUCsgK1AscCygLPAAAAAAAAAgEAAAAAAAAAKAAAAAAAAAAAAAAAAAAAAtE=}}

@inproceedings{Mandel:2005,
	Abstract = {We present ReactiveML, a programming language dedi- cated to the implementation of complex reactive systems as found in graphical user interfaces, video games or simulation problems. The language is based on the reactive model introduced by Boussinot. This model combines the so-called synchronous model found in Esterel which provides instantaneous communication and parallel composition with classical features found in asynchronous models like dynamic creation of processes.
The language comes as a conservative extension of an existing call-by-value ML language and it provides additional constructs for describing the temporal part of a system. The language receives a behavioral semantics a` la Esterel and a transition semantics describing precisely the interaction between ML values and reactive constructs. It is statically typed through a Milner type inference system and programs are compiled into regular ML programs. The lan- guage has been used for programming several complex simulation problems (e.g., routing protocols in mobile ad-hoc networks).},
	Author = {Mandel, L. and Pouzet, M.},
	Booktitle = {Proceedings of the 7th ACM SIGPLAN international conference on Principles and practice of declarative programming},
	Date-Added = {2013-01-24 15:14:35 +0100},
	Date-Modified = {2013-01-28 11:50:37 +0100},
	Keywords = {reactive system; ReactiveML},
	Organization = {ACM},
	Pages = {82--93},
	Title = {{ReactiveML}: a reactive extension to {ML}},
	Year = {2005},
	Bdsk-File-1 = {YnBsaXN0MDDUAQIDBAUGJCVYJHZlcnNpb25YJG9iamVjdHNZJGFyY2hpdmVyVCR0b3ASAAGGoKgHCBMUFRYaIVUkbnVsbNMJCgsMDRBWJGNsYXNzV05TLmtleXNaTlMub2JqZWN0c4AHog4PgAKAA6IREoAEgAVccmVsYXRpdmVQYXRoWWFsaWFzRGF0YV8QHy4uLy4uLy4uL3BhcGVycy9NYW5kZWwgMjAwNS5wZGbSCRcYGVdOUy5kYXRhgAZPEQGsAAAAAAGsAAIAAAxNYWNpbnRvc2ggSEQAAAAAAAAAAAAAAAAAAADJiAxhSCsAAAAPtV4PTWFuZGVsIDIwMDUucGRmAAAAAAAAAAAAAAAAAAAAAAAAAAAAAAAAAAAAAAAAAAAAAAAAAAAAAAAAAAAAAAAAAIh/YcurUloAAAAAAAAAAAADAAIAAAkgAAAAAAAAAAAAAAAAAAAABnBhcGVycwAQAAgAAMmH/lEAAAARAAgAAMurNjoAAAABABQAD7VeAAcKpQAHB/0ABa7EAACRngACAEdNYWNpbnRvc2ggSEQ6VXNlcnM6Y2NwYXN0ZXVyOkRyb3Bib3g6U2F1dmVnYXJkZXM6cGFwZXJzOk1hbmRlbCAyMDA1LnBkZgAADgAgAA8ATQBhAG4AZABlAGwAIAAyADAAMAA1AC4AcABkAGYADwAaAAwATQBhAGMAaQBuAHQAbwBzAGgAIABIAEQAEgA6VXNlcnMvY2NwYXN0ZXVyL0Ryb3Bib3gvU2F1dmVnYXJkZXMvcGFwZXJzL01hbmRlbCAyMDA1LnBkZgATAAEvAAAVAAIAEP//AADSGxwdHlokY2xhc3NuYW1lWCRjbGFzc2VzXU5TTXV0YWJsZURhdGGjHR8gVk5TRGF0YVhOU09iamVjdNIbHCIjXE5TRGljdGlvbmFyeaIiIF8QD05TS2V5ZWRBcmNoaXZlctEmJ1Ryb290gAEACAARABoAIwAtADIANwBAAEYATQBUAFwAZwBpAGwAbgBwAHMAdQB3AIQAjgCwALUAvQC/Am8CdAJ/AogClgKaAqECqgKvArwCvwLRAtQC2QAAAAAAAAIBAAAAAAAAACgAAAAAAAAAAAAAAAAAAALb}}

@article{Tofte:1990,
	Author = {Tofte, M.},
	Date-Added = {2012-12-06 17:01:42 +0100},
	Date-Modified = {2012-12-06 17:01:42 +0100},
	Journal = {Information and computation},
	Keywords = {type system},
	Number = {1},
	Pages = {1--34},
	Publisher = {Elsevier},
	Title = {Type inference for polymorphic references},
	Volume = {89},
	Year = {1990}}

@article{Berry:1997,
	Author = {Berry, G.},
	Date-Added = {2012-10-17 10:20:20 +0200},
	Date-Modified = {2012-10-17 10:20:20 +0200},
	Journal = {Ecole des Mines and INRIA},
	Keywords = {synchronous programming; esterel; language; semantics},
	Title = {{The Esterel v5 language primer}},
	Year = {1997}}

@inproceedings{Caspi:1995,
	Address = {Sydney, Australia},
	Author = {P. Caspi and M. Pouzet},
	Booktitle = {International Symposium on Languages for Intentional Programming},
	Date-Added = {2012-10-17 10:17:53 +0200},
	Date-Modified = {2012-10-17 15:57:46 +0200},
	Editor = {M.~A. Orgun and E.~A. Ashcroft},
	Month = {May},
	Publisher = {World Scientific},
	Title = {{A Functional Extension to Lustre}},
	Url = {islip95.ps.gz},
	Year = 1995,
	Bdsk-Url-1 = {islip95.ps.gz}}

@inproceedings{Caspi:1987,
	Address = {New York, NY, USA},
	Author = {Caspi, P. and Pilaud, D. and Halbwachs, N. and Plaice, J. A.},
	Booktitle = {POPL '87: Proceedings of the 14th ACM SIGACT-SIGPLAN symposium on Principles of programming languages},
	Date-Added = {2012-10-17 10:10:45 +0200},
	Date-Modified = {2012-10-17 10:10:45 +0200},
	Doi = {http://doi.acm.org/10.1145/41625.41641},
	Isbn = {0-89791-215-2},
	Keywords = {synchronous programming},
	Location = {Munich, West Germany},
	Pages = {178--188},
	Publisher = {ACM},
	Title = {LUSTRE: a declarative language for real-time programming},
	Url = {http://portal.acm.org/ft_gateway.cfm?id=41641&type=pdf&coll=GUIDE&dl=GUIDE&CFID=95521708&CFTOKEN=43171151},
	Year = {1987},
	Bdsk-Url-1 = {http://portal.acm.org/ft_gateway.cfm?id=41641&type=pdf&coll=GUIDE&dl=GUIDE&CFID=95521708&CFTOKEN=43171151},
	Bdsk-Url-2 = {http://doi.acm.org/10.1145/41625.41641}}

@incollection{Boudol:2004,
	Abstract = {We propose a programming model to address the unreliable character of accessing resources in a global computing context, focusing on giving a precise semantics for a small, yet expressive core language. To design the language, we use ideas and programming constructs from the synchronous programming style, that allow us to deal with the suspensive character of some operations, and to program reactive behaviour. We also introduce constructs for programming mobile agents, that move together with their state, which consists of a control stack and a store. This makes the access to references also potentially suspensive.},
	Affiliation = {INRIA Sophia Antipolis},
	Author = {Boudol, G.},
	Booktitle = {Programming Languages and Systems},
	Date-Added = {2012-10-17 10:08:46 +0200},
	Date-Modified = {2012-10-17 15:59:29 +0200},
	Editor = {Schmidt, David},
	Keywords = {reactive system},
	Note = {10.1007/978-3-540-24725-8{\_}17},
	Pages = {234-248},
	Publisher = {Springer Berlin / Heidelberg},
	Series = {Lecture Notes in Computer Science},
	Title = {ULM: A Core Programming Model for Global Computing},
	Url = {http://dx.doi.org/10.1007/978-3-540-24725-8_17},
	Volume = {2986},
	Year = {2004},
	Bdsk-File-1 = {YnBsaXN0MDDUAQIDBAUGJCVYJHZlcnNpb25YJG9iamVjdHNZJGFyY2hpdmVyVCR0b3ASAAGGoKgHCBMUFRYaIVUkbnVsbNMJCgsMDRBWJGNsYXNzV05TLmtleXNaTlMub2JqZWN0c4AHog4PgAKAA6IREoAEgAVccmVsYXRpdmVQYXRoWWFsaWFzRGF0YV8QHy4uLy4uLy4uL3BhcGVycy9Cb3Vkb2wgMjAwNC5wZGbSCRcYGVdOUy5kYXRhgAZPEQGsAAAAAAGsAAIAAAxNYWNpbnRvc2ggSEQAAAAAAAAAAAAAAAAAAADJiAxhSCsAAAAPtV4PQm91ZG9sIDIwMDQucGRmAAAAAAAAAAAAAAAAAAAAAAAAAAAAAAAAAAAAAAAAAAAAAAAAAAAAAAAAAAAAAAAAACEYzclL3ckAAAAAAAAAAAADAAIAAAkgAAAAAAAAAAAAAAAAAAAABnBhcGVycwAQAAgAAMmH/lEAAAARAAgAAMlLz7kAAAABABQAD7VeAAcKpQAHB/0ABa7EAACRngACAEdNYWNpbnRvc2ggSEQ6VXNlcnM6Y2NwYXN0ZXVyOkRyb3Bib3g6U2F1dmVnYXJkZXM6cGFwZXJzOkJvdWRvbCAyMDA0LnBkZgAADgAgAA8AQgBvAHUAZABvAGwAIAAyADAAMAA0AC4AcABkAGYADwAaAAwATQBhAGMAaQBuAHQAbwBzAGgAIABIAEQAEgA6VXNlcnMvY2NwYXN0ZXVyL0Ryb3Bib3gvU2F1dmVnYXJkZXMvcGFwZXJzL0JvdWRvbCAyMDA0LnBkZgATAAEvAAAVAAIAEP//AADSGxwdHlokY2xhc3NuYW1lWCRjbGFzc2VzXU5TTXV0YWJsZURhdGGjHR8gVk5TRGF0YVhOU09iamVjdNIbHCIjXE5TRGljdGlvbmFyeaIiIF8QD05TS2V5ZWRBcmNoaXZlctEmJ1Ryb290gAEACAARABoAIwAtADIANwBAAEYATQBUAFwAZwBpAGwAbgBwAHMAdQB3AIQAjgCwALUAvQC/Am8CdAJ/AogClgKaAqECqgKvArwCvwLRAtQC2QAAAAAAAAIBAAAAAAAAACgAAAAAAAAAAAAAAAAAAALb},
	Bdsk-Url-1 = {http://dx.doi.org/10.1007/978-3-540-24725-8_17}}

@book{Pierce:2002,
	Author = {Pierce, B.C.},
	Date-Added = {2012-10-15 17:52:35 +0200},
	Date-Modified = {2012-10-15 17:52:35 +0200},
	Keywords = {type system; type-and-effects},
	Publisher = {The MIT Press},
	Title = {Types and programming languages},
	Year = {2002},
	Bdsk-File-1 = {YnBsaXN0MDDUAQIDBAUGJCVYJHZlcnNpb25YJG9iamVjdHNZJGFyY2hpdmVyVCR0b3ASAAGGoKgHCBMUFRYaIVUkbnVsbNMJCgsMDRBWJGNsYXNzV05TLmtleXNaTlMub2JqZWN0c4AHog4PgAKAA6IREoAEgAVccmVsYXRpdmVQYXRoWWFsaWFzRGF0YV8QHy4uLy4uLy4uL3BhcGVycy9QaWVyY2UgMjAwMi5wZGbSCRcYGVdOUy5kYXRhgAZPEQGsAAAAAAGsAAIAAAxNYWNpbnRvc2ggSEQAAAAAAAAAAAAAAAAAAADJiAxhSCsAAAAPtV4PUGllcmNlIDIwMDIucGRmAAAAAAAAAAAAAAAAAAAAAAAAAAAAAAAAAAAAAAAAAAAAAAAAAAAAAAAAAAAAAAAAAJ+wbcwjD2kAAAAAAAAAAAADAAIAAAkgAAAAAAAAAAAAAAAAAAAABnBhcGVycwAQAAgAAMmH/lEAAAARAAgAAMwi80kAAAABABQAD7VeAAcKpQAHB/0ABa7EAACRngACAEdNYWNpbnRvc2ggSEQ6VXNlcnM6Y2NwYXN0ZXVyOkRyb3Bib3g6U2F1dmVnYXJkZXM6cGFwZXJzOlBpZXJjZSAyMDAyLnBkZgAADgAgAA8AUABpAGUAcgBjAGUAIAAyADAAMAAyAC4AcABkAGYADwAaAAwATQBhAGMAaQBuAHQAbwBzAGgAIABIAEQAEgA6VXNlcnMvY2NwYXN0ZXVyL0Ryb3Bib3gvU2F1dmVnYXJkZXMvcGFwZXJzL1BpZXJjZSAyMDAyLnBkZgATAAEvAAAVAAIAEP//AADSGxwdHlokY2xhc3NuYW1lWCRjbGFzc2VzXU5TTXV0YWJsZURhdGGjHR8gVk5TRGF0YVhOU09iamVjdNIbHCIjXE5TRGljdGlvbmFyeaIiIF8QD05TS2V5ZWRBcmNoaXZlctEmJ1Ryb290gAEACAARABoAIwAtADIANwBAAEYATQBUAFwAZwBpAGwAbgBwAHMAdQB3AIQAjgCwALUAvQC/Am8CdAJ/AogClgKaAqECqgKvArwCvwLRAtQC2QAAAAAAAAIBAAAAAAAAACgAAAAAAAAAAAAAAAAAAALb}}

@inproceedings{Vouillon:2008,
	Author = {Vouillon, J.},
	Booktitle = {Proceedings of the 2008 ACM SIGPLAN workshop on ML},
	Date-Added = {2012-10-12 16:00:33 +0200},
	Date-Modified = {2012-10-12 16:01:09 +0200},
	Keywords = {reactive system},
	Organization = {ACM},
	Pages = {3--12},
	Title = {Lwt: a cooperative thread library},
	Year = {2008},
	Bdsk-File-1 = {YnBsaXN0MDDUAQIDBAUGJCVYJHZlcnNpb25YJG9iamVjdHNZJGFyY2hpdmVyVCR0b3ASAAGGoKgHCBMUFRYaIVUkbnVsbNMJCgsMDRBWJGNsYXNzV05TLmtleXNaTlMub2JqZWN0c4AHog4PgAKAA6IREoAEgAVccmVsYXRpdmVQYXRoWWFsaWFzRGF0YV8QIS4uLy4uLy4uL3BhcGVycy9Wb3VpbGxvbiAyMDA4LnBkZtIJFxgZV05TLmRhdGGABk8RAbQAAAAAAbQAAgAADE1hY2ludG9zaCBIRAAAAAAAAAAAAAAAAAAAAMmIDGFIKwAAAA+1XhFWb3VpbGxvbiAyMDA4LnBkZgAAAAAAAAAAAAAAAAAAAAAAAAAAAAAAAAAAAAAAAAAAAAAAAAAAAAAAAAAAAAAA0UdkzJ3vMlBERiBDQVJPAAMAAgAACSAAAAAAAAAAAAAAAAAAAAAGcGFwZXJzABAACAAAyYf+UQAAABEACAAAzJ3TEgAAAAEAFAAPtV4ABwqlAAcH/QAFrsQAAJGeAAIASU1hY2ludG9zaCBIRDpVc2VyczpjY3Bhc3RldXI6RHJvcGJveDpTYXV2ZWdhcmRlczpwYXBlcnM6Vm91aWxsb24gMjAwOC5wZGYAAA4AJAARAFYAbwB1AGkAbABsAG8AbgAgADIAMAAwADgALgBwAGQAZgAPABoADABNAGEAYwBpAG4AdABvAHMAaAAgAEgARAASADxVc2Vycy9jY3Bhc3RldXIvRHJvcGJveC9TYXV2ZWdhcmRlcy9wYXBlcnMvVm91aWxsb24gMjAwOC5wZGYAEwABLwAAFQACABD//wAA0hscHR5aJGNsYXNzbmFtZVgkY2xhc3Nlc11OU011dGFibGVEYXRhox0fIFZOU0RhdGFYTlNPYmplY3TSGxwiI1xOU0RpY3Rpb25hcnmiIiBfEA9OU0tleWVkQXJjaGl2ZXLRJidUcm9vdIABAAgAEQAaACMALQAyADcAQABGAE0AVABcAGcAaQBsAG4AcABzAHUAdwCEAI4AsgC3AL8AwQJ5An4CiQKSAqACpAKrArQCuQLGAskC2wLeAuMAAAAAAAACAQAAAAAAAAAoAAAAAAAAAAAAAAAAAAAC5Q==}}

@article{Boussinot:1991,
	Abstract = {Reactive systems are interactive programs that react continuously to sequences of activations coming from the external world. Reactive programming leads to a new programming style where one programs in terms of reactions to activations and reasons in a logic of instants. This paper describes an extension of the C programming language called RC (for `Reactive C') to program reactive systems. The language RC is described, then some programming examples are given to illustrate the reactive approach. The main RC notions come directly from the Esterel synchronous programming language. Finally, the Esterel and RC languages are compared.},
	Address = {New York, NY, USA},
	Author = {Boussinot, F.},
	Date-Added = {2012-10-12 15:57:25 +0200},
	Date-Modified = {2012-10-17 15:58:35 +0200},
	Doi = {http://dx.doi.org/10.1002/spe.4380210406},
	Issn = {0038-0644},
	Journal = {Software: Practice and Experience},
	Keywords = {reactive system;language},
	Number = {4},
	Pages = {401--428},
	Publisher = {John Wiley \& Sons, Inc.},
	Title = {{Reactive C: an extension of C to program reactive systems}},
	Volume = {21},
	Year = {1991},
	Bdsk-File-1 = {YnBsaXN0MDDUAQIDBAUGJCVYJHZlcnNpb25YJG9iamVjdHNZJGFyY2hpdmVyVCR0b3ASAAGGoKgHCBMUFRYaIVUkbnVsbNMJCgsMDRBWJGNsYXNzV05TLmtleXNaTlMub2JqZWN0c4AHog4PgAKAA6IREoAEgAVccmVsYXRpdmVQYXRoWWFsaWFzRGF0YV8QIi4uLy4uLy4uL3BhcGVycy9Cb3Vzc2lub3QgMTk5MS5wZGbSCRcYGVdOUy5kYXRhgAZPEQG4AAAAAAG4AAIAAAxNYWNpbnRvc2ggSEQAAAAAAAAAAAAAAAAAAADJiAxhSCsAAAAPtV4SQm91c3Npbm90IDE5OTEucGRmAAAAAAAAAAAAAAAAAAAAAAAAAAAAAAAAAAAAAAAAAAAAAAAAAAAAAAAAAAAAACEcKslL3ckAAAAAAAAAAAADAAIAAAkgAAAAAAAAAAAAAAAAAAAABnBhcGVycwAQAAgAAMmH/lEAAAARAAgAAMlLz7kAAAABABQAD7VeAAcKpQAHB/0ABa7EAACRngACAEpNYWNpbnRvc2ggSEQ6VXNlcnM6Y2NwYXN0ZXVyOkRyb3Bib3g6U2F1dmVnYXJkZXM6cGFwZXJzOkJvdXNzaW5vdCAxOTkxLnBkZgAOACYAEgBCAG8AdQBzAHMAaQBuAG8AdAAgADEAOQA5ADEALgBwAGQAZgAPABoADABNAGEAYwBpAG4AdABvAHMAaAAgAEgARAASAD1Vc2Vycy9jY3Bhc3RldXIvRHJvcGJveC9TYXV2ZWdhcmRlcy9wYXBlcnMvQm91c3Npbm90IDE5OTEucGRmAAATAAEvAAAVAAIAEP//AADSGxwdHlokY2xhc3NuYW1lWCRjbGFzc2VzXU5TTXV0YWJsZURhdGGjHR8gVk5TRGF0YVhOU09iamVjdNIbHCIjXE5TRGljdGlvbmFyeaIiIF8QD05TS2V5ZWRBcmNoaXZlctEmJ1Ryb290gAEACAARABoAIwAtADIANwBAAEYATQBUAFwAZwBpAGwAbgBwAHMAdQB3AIQAjgCzALgAwADCAn4CgwKOApcCpQKpArACuQK+AssCzgLgAuMC6AAAAAAAAAIBAAAAAAAAACgAAAAAAAAAAAAAAAAAAALq},
	Bdsk-Url-1 = {http://dx.doi.org/10.1002/spe.4380210406}}

@book{Remy:1993,
	Author = {R{\'e}my, D.},
	Date-Added = {2012-10-12 15:56:19 +0200},
	Date-Modified = {2012-10-12 15:56:21 +0200},
	Publisher = {Theoretical Aspects Of Object-Oriented Programming. Types, Semantics and Language Design. MIT Press},
	Title = {Type inference for records in a natural extension of ML},
	Year = {1993}}

@misc{Boussinot:2010,
	Author = {Boussinot, F.},
	Date-Added = {2012-10-12 15:46:51 +0200},
	Date-Modified = {2012-10-12 15:51:19 +0200},
	Keywords = {reactive system; language},
	Publisher = {Lambert Academic Publishing},
	Title = {{Safe Reactive Programming: The FunLoft Language}},
	Year = {2010},
	Bdsk-File-1 = {YnBsaXN0MDDUAQIDBAUGJCVYJHZlcnNpb25YJG9iamVjdHNZJGFyY2hpdmVyVCR0b3ASAAGGoKgHCBMUFRYaIVUkbnVsbNMJCgsMDRBWJGNsYXNzV05TLmtleXNaTlMub2JqZWN0c4AHog4PgAKAA6IREoAEgAVccmVsYXRpdmVQYXRoWWFsaWFzRGF0YV8QIi4uLy4uLy4uL3BhcGVycy9Cb3Vzc2lub3QgMjAxMC5wZGbSCRcYGVdOUy5kYXRhgAZPEQG4AAAAAAG4AAIAAAxNYWNpbnRvc2ggSEQAAAAAAAAAAAAAAAAAAADJiAxhSCsAAAAPtV4SQm91c3Npbm90IDIwMTAucGRmAAAAAAAAAAAAAAAAAAAAAAAAAAAAAAAAAAAAAAAAAAAAAAAAAAAAAAAAAAAAANFEaMyd69ZQREYgQ0FSTwADAAIAAAkgAAAAAAAAAAAAAAAAAAAABnBhcGVycwAQAAgAAMmH/lEAAAARAAgAAMydz7YAAAABABQAD7VeAAcKpQAHB/0ABa7EAACRngACAEpNYWNpbnRvc2ggSEQ6VXNlcnM6Y2NwYXN0ZXVyOkRyb3Bib3g6U2F1dmVnYXJkZXM6cGFwZXJzOkJvdXNzaW5vdCAyMDEwLnBkZgAOACYAEgBCAG8AdQBzAHMAaQBuAG8AdAAgADIAMAAxADAALgBwAGQAZgAPABoADABNAGEAYwBpAG4AdABvAHMAaAAgAEgARAASAD1Vc2Vycy9jY3Bhc3RldXIvRHJvcGJveC9TYXV2ZWdhcmRlcy9wYXBlcnMvQm91c3Npbm90IDIwMTAucGRmAAATAAEvAAAVAAIAEP//AADSGxwdHlokY2xhc3NuYW1lWCRjbGFzc2VzXU5TTXV0YWJsZURhdGGjHR8gVk5TRGF0YVhOU09iamVjdNIbHCIjXE5TRGljdGlvbmFyeaIiIF8QD05TS2V5ZWRBcmNoaXZlctEmJ1Ryb290gAEACAARABoAIwAtADIANwBAAEYATQBUAFwAZwBpAGwAbgBwAHMAdQB3AIQAjgCzALgAwADCAn4CgwKOApcCpQKpArACuQK+AssCzgLgAuMC6AAAAAAAAAIBAAAAAAAAACgAAAAAAAAAAAAAAAAAAALq}}

@inproceedings{Amadio:2007b,
	Author = {Amadio, R.M. and Dabrowski, F.},
	Booktitle = {Proceedings of the 9th ACM SIGPLAN international conference on Principles and practice of declarative programming},
	Date-Added = {2012-10-12 15:45:59 +0200},
	Date-Modified = {2012-10-12 15:45:59 +0200},
	Keywords = {reactive system; reactivity},
	Organization = {ACM},
	Pages = {221--230},
	Title = {Feasible reactivity in a synchronous $\pi$-calculus},
	Year = {2007},
	Bdsk-File-1 = {YnBsaXN0MDDUAQIDBAUGJCVYJHZlcnNpb25YJG9iamVjdHNZJGFyY2hpdmVyVCR0b3ASAAGGoKgHCBMUFRYaIVUkbnVsbNMJCgsMDRBWJGNsYXNzV05TLmtleXNaTlMub2JqZWN0c4AHog4PgAKAA6IREoAEgAVccmVsYXRpdmVQYXRoWWFsaWFzRGF0YV8QIC4uLy4uLy4uL3BhcGVycy9BbWFkaW8gMjAwN2IucGRm0gkXGBlXTlMuZGF0YYAGTxEBsAAAAAABsAACAAAMTWFjaW50b3NoIEhEAAAAAAAAAAAAAAAAAAAAyYgMYUgrAAAAD7VeEEFtYWRpbyAyMDA3Yi5wZGYAAAAAAAAAAAAAAAAAAAAAAAAAAAAAAAAAAAAAAAAAAAAAAAAAAAAAAAAAAAAAAACI4MTDyVchAAAAAAAAAAAAAwACAAAJIAAAAAAAAAAAAAAAAAAAAAZwYXBlcnMAEAAIAADJh/5RAAAAEQAIAADDyUkRAAAAAQAUAA+1XgAHCqUABwf9AAWuxAAAkZ4AAgBITWFjaW50b3NoIEhEOlVzZXJzOmNjcGFzdGV1cjpEcm9wYm94OlNhdXZlZ2FyZGVzOnBhcGVyczpBbWFkaW8gMjAwN2IucGRmAA4AIgAQAEEAbQBhAGQAaQBvACAAMgAwADAANwBiAC4AcABkAGYADwAaAAwATQBhAGMAaQBuAHQAbwBzAGgAIABIAEQAEgA7VXNlcnMvY2NwYXN0ZXVyL0Ryb3Bib3gvU2F1dmVnYXJkZXMvcGFwZXJzL0FtYWRpbyAyMDA3Yi5wZGYAABMAAS8AABUAAgAQ//8AANIbHB0eWiRjbGFzc25hbWVYJGNsYXNzZXNdTlNNdXRhYmxlRGF0YaMdHyBWTlNEYXRhWE5TT2JqZWN00hscIiNcTlNEaWN0aW9uYXJ5oiIgXxAPTlNLZXllZEFyY2hpdmVy0SYnVHJvb3SAAQAIABEAGgAjAC0AMgA3AEAARgBNAFQAXABnAGkAbABuAHAAcwB1AHcAhACOALEAtgC+AMACdAJ5AoQCjQKbAp8CpgKvArQCwQLEAtYC2QLeAAAAAAAAAgEAAAAAAAAAKAAAAAAAAAAAAAAAAAAAAuA=}}

@inproceedings{Cuoq:2001,
	Abstract = {This article
  presents a causality analysis for a synchronous stream
  language with higher-order functions.  This analysis takes the shape
  of a type system with rows. Rows were \hbox{originally} designed to add
  extensible records to the ML type system (Didier R\'emy, Mitchell
  Wand).  We \hbox{also} restate briefly the coiterative semantics for
  synchronous streams (Paul Caspi, Marc Pouzet), and prove the
  correctness of our analysis with respect to this semantics.},
	Address = {Genova, Italy},
	Author = {P. Cuoq and M. Pouzet},
	Booktitle = {European Symposium on Programming (ESOP'01)},
	Date-Added = {2012-10-11 15:12:00 +0200},
	Date-Modified = {2012-10-17 15:58:26 +0200},
	Keywords = {synchronous programming; Lucid Synchrone; semantics},
	Month = {April},
	Title = {{Modular Causality in a Synchronous Stream Language}},
	Url = {esop01.ps.gz},
	Year = 2001,
	Bdsk-File-1 = {YnBsaXN0MDDUAQIDBAUGJCVYJHZlcnNpb25YJG9iamVjdHNZJGFyY2hpdmVyVCR0b3ASAAGGoKgHCBMUFRYaIVUkbnVsbNMJCgsMDRBWJGNsYXNzV05TLmtleXNaTlMub2JqZWN0c4AHog4PgAKAA6IREoAEgAVccmVsYXRpdmVQYXRoWWFsaWFzRGF0YV8QHS4uLy4uLy4uL3BhcGVycy9DdW9xIDIwMDEucGRm0gkXGBlXTlMuZGF0YYAGTxEBpAAAAAABpAACAAAMTWFjaW50b3NoIEhEAAAAAAAAAAAAAAAAAAAAyYgMYUgrAAAAD7VeDUN1b3EgMjAwMS5wZGYAAAAAAAAAAAAAAAAAAAAAAAAAAAAAAAAAAAAAAAAAAAAAAAAAAAAAAAAAAAAAAAAAAAAhGpbJS93NAAAAAAAAAAAAAwACAAAJIAAAAAAAAAAAAAAAAAAAAAZwYXBlcnMAEAAIAADJh/5RAAAAEQAIAADJS8+9AAAAAQAUAA+1XgAHCqUABwf9AAWuxAAAkZ4AAgBFTWFjaW50b3NoIEhEOlVzZXJzOmNjcGFzdGV1cjpEcm9wYm94OlNhdXZlZ2FyZGVzOnBhcGVyczpDdW9xIDIwMDEucGRmAAAOABwADQBDAHUAbwBxACAAMgAwADAAMQAuAHAAZABmAA8AGgAMAE0AYQBjAGkAbgB0AG8AcwBoACAASABEABIAOFVzZXJzL2NjcGFzdGV1ci9Ecm9wYm94L1NhdXZlZ2FyZGVzL3BhcGVycy9DdW9xIDIwMDEucGRmABMAAS8AABUAAgAQ//8AANIbHB0eWiRjbGFzc25hbWVYJGNsYXNzZXNdTlNNdXRhYmxlRGF0YaMdHyBWTlNEYXRhWE5TT2JqZWN00hscIiNcTlNEaWN0aW9uYXJ5oiIgXxAPTlNLZXllZEFyY2hpdmVy0SYnVHJvb3SAAQAIABEAGgAjAC0AMgA3AEAARgBNAFQAXABnAGkAbABuAHAAcwB1AHcAhACOAK4AswC7AL0CZQJqAnUCfgKMApAClwKgAqUCsgK1AscCygLPAAAAAAAAAgEAAAAAAAAAKAAAAAAAAAAAAAAAAAAAAtE=}}

@article{Mandel:2008,
	Abstract = {Reactive systems such as graphical interfaces, video games or simulation problems are characterized by a permanent interaction between strongly synchronised parallel entities. The two classical programming techniques are based on the use of threads or event loops. In this paper, we introduce the REACTIVEML language as a safer alternative to those classical techniques. REACTIVEML is an extension of OCAML and is founded on the synchronous reactive model of Boussinot. This model combines the synchronous model of time which provides both parallel composition and instantaneous communications with the ability to dynamically create channels or processes during the execution. This paper presents the language, its type system and its formal semantics.},
	Address = {Paris, FRANCE},
	Author = {L. Mandel and M. Pouzet},
	Date = {2008},
	Date-Added = {2012-10-08 10:11:22 +0200},
	Date-Modified = {2013-01-22 17:25:07 +0100},
	G = {0752-4072},
	Journal = {Technique et science informatiques},
	Keywords = {synchronous programming, ReactiveML, language, reactive system; semantics},
	Number = {9-10},
	Pages = {32},
	Publisher = {Lavoisier},
	Title = {{ReactiveML, un langage fonctionnel pour la programmation r{\'e}active}},
	Volume = {27},
	Year = {2008},
	Bdsk-File-1 = {YnBsaXN0MDDUAQIDBAUGJCVYJHZlcnNpb25YJG9iamVjdHNZJGFyY2hpdmVyVCR0b3ASAAGGoKgHCBMUFRYaIVUkbnVsbNMJCgsMDRBWJGNsYXNzV05TLmtleXNaTlMub2JqZWN0c4AHog4PgAKAA6IREoAEgAVccmVsYXRpdmVQYXRoWWFsaWFzRGF0YV8QHy4uLy4uLy4uL3BhcGVycy9NYW5kZWwgMjAwOC5wZGbSCRcYGVdOUy5kYXRhgAZPEQGsAAAAAAGsAAIAAAxNYWNpbnRvc2ggSEQAAAAAAAAAAAAAAAAAAADJiAxhSCsAAAAPtV4PTWFuZGVsIDIwMDgucGRmAAAAAAAAAAAAAAAAAAAAAAAAAAAAAAAAAAAAAAAAAAAAAAAAAAAAAAAAAAAAAAAAACEcXslL3c8AAAAAAAAAAAADAAIAAAkgAAAAAAAAAAAAAAAAAAAABnBhcGVycwAQAAgAAMmH/lEAAAARAAgAAMlLz78AAAABABQAD7VeAAcKpQAHB/0ABa7EAACRngACAEdNYWNpbnRvc2ggSEQ6VXNlcnM6Y2NwYXN0ZXVyOkRyb3Bib3g6U2F1dmVnYXJkZXM6cGFwZXJzOk1hbmRlbCAyMDA4LnBkZgAADgAgAA8ATQBhAG4AZABlAGwAIAAyADAAMAA4AC4AcABkAGYADwAaAAwATQBhAGMAaQBuAHQAbwBzAGgAIABIAEQAEgA6VXNlcnMvY2NwYXN0ZXVyL0Ryb3Bib3gvU2F1dmVnYXJkZXMvcGFwZXJzL01hbmRlbCAyMDA4LnBkZgATAAEvAAAVAAIAEP//AADSGxwdHlokY2xhc3NuYW1lWCRjbGFzc2VzXU5TTXV0YWJsZURhdGGjHR8gVk5TRGF0YVhOU09iamVjdNIbHCIjXE5TRGljdGlvbmFyeaIiIF8QD05TS2V5ZWRBcmNoaXZlctEmJ1Ryb290gAEACAARABoAIwAtADIANwBAAEYATQBUAFwAZwBpAGwAbgBwAHMAdQB3AIQAjgCwALUAvQC/Am8CdAJ/AogClgKaAqECqgKvArwCvwLRAtQC2QAAAAAAAAIBAAAAAAAAACgAAAAAAAAAAAAAAAAAAALb}}

@article{Boudol:2010,
	Author = {Boudol, G.},
	Date-Added = {2012-10-05 15:28:37 +0200},
	Date-Modified = {2012-10-05 15:28:37 +0200},
	Journal = {Information and Computation},
	Keywords = {reactive system; reactivity},
	Number = {6},
	Pages = {716--736},
	Publisher = {Elsevier},
	Title = {Typing termination in a higher-order concurrent imperative language},
	Volume = {208},
	Year = {2010},
	Bdsk-File-1 = {YnBsaXN0MDDUAQIDBAUGJCVYJHZlcnNpb25YJG9iamVjdHNZJGFyY2hpdmVyVCR0b3ASAAGGoKgHCBMUFRYaIVUkbnVsbNMJCgsMDRBWJGNsYXNzV05TLmtleXNaTlMub2JqZWN0c4AHog4PgAKAA6IREoAEgAVccmVsYXRpdmVQYXRoWWFsaWFzRGF0YV8QHy4uLy4uLy4uL3BhcGVycy9Cb3Vkb2wgMjAxMC5wZGbSCRcYGVdOUy5kYXRhgAZPEQGsAAAAAAGsAAIAAAxNYWNpbnRvc2ggSEQAAAAAAAAAAAAAAAAAAADJiAxhSCsAAAAPtV4PQm91ZG9sIDIwMTAucGRmAAAAAAAAAAAAAAAAAAAAAAAAAAAAAAAAAAAAAAAAAAAAAAAAAAAAAAAAAAAAAAAAAIjgbcux1m0AAAAAAAAAAAADAAIAAAkgAAAAAAAAAAAAAAAAAAAABnBhcGVycwAQAAgAAMmH/lEAAAARAAgAAMuxuk0AAAABABQAD7VeAAcKpQAHB/0ABa7EAACRngACAEdNYWNpbnRvc2ggSEQ6VXNlcnM6Y2NwYXN0ZXVyOkRyb3Bib3g6U2F1dmVnYXJkZXM6cGFwZXJzOkJvdWRvbCAyMDEwLnBkZgAADgAgAA8AQgBvAHUAZABvAGwAIAAyADAAMQAwAC4AcABkAGYADwAaAAwATQBhAGMAaQBuAHQAbwBzAGgAIABIAEQAEgA6VXNlcnMvY2NwYXN0ZXVyL0Ryb3Bib3gvU2F1dmVnYXJkZXMvcGFwZXJzL0JvdWRvbCAyMDEwLnBkZgATAAEvAAAVAAIAEP//AADSGxwdHlokY2xhc3NuYW1lWCRjbGFzc2VzXU5TTXV0YWJsZURhdGGjHR8gVk5TRGF0YVhOU09iamVjdNIbHCIjXE5TRGljdGlvbmFyeaIiIF8QD05TS2V5ZWRBcmNoaXZlctEmJ1Ryb290gAEACAARABoAIwAtADIANwBAAEYATQBUAFwAZwBpAGwAbgBwAHMAdQB3AIQAjgCwALUAvQC/Am8CdAJ/AogClgKaAqECqgKvArwCvwLRAtQC2QAAAAAAAAIBAAAAAAAAACgAAAAAAAAAAAAAAAAAAALb}}

@article{Skalka:2008,
	Abstract = {This paper shows how type effect systems can be combined with model-checking techniques to produce powerful, automatically verifiable program logics for higher order programs. The properties verified are based on the ordered sequence of events that occur during program execution, so-called event traces. Our type and effect systems infer conservative approximations of the event traces arising at run-time, and model-checking techniques are used to verify logical properties of these histories. Our language model is based on the λ-calculus. Technical results include a type inference algorithm for a polymorphic type effect system, and a method for applying known model-checking techniques to the trace effects inferred by the type inference algorithm, allowing static enforcement of history- and stack-based security mechanisms. A type safety result is proven for both unification and subtyping constraint versions of the type system, ensuring that statically well-typed programs do not contain trace event checks that can fail at run-time. },
	Author = {Skalka,C. and Smith,S. and Van Horn,D.},
	Date-Added = {2012-10-04 17:42:46 +0200},
	Date-Modified = {2012-10-17 15:59:22 +0200},
	Doi = {10.1017/S0956796807006466},
	Eprint = {http://journals.cambridge.org/article_S0956796807006466},
	Journal = {Journal of Functional Programming},
	Keywords = {type system},
	Number = {02},
	Pages = {179-249},
	Title = {Types and trace effects of higher order programs},
	Url = {http://dx.doi.org/10.1017/S0956796807006466},
	Volume = {18},
	Year = {2008},
	Bdsk-File-1 = {YnBsaXN0MDDUAQIDBAUGJCVYJHZlcnNpb25YJG9iamVjdHNZJGFyY2hpdmVyVCR0b3ASAAGGoKgHCBMUFRYaIVUkbnVsbNMJCgsMDRBWJGNsYXNzV05TLmtleXNaTlMub2JqZWN0c4AHog4PgAKAA6IREoAEgAVccmVsYXRpdmVQYXRoWWFsaWFzRGF0YV8QHy4uLy4uLy4uL3BhcGVycy9Ta2Fsa2EgMjAwOC5wZGbSCRcYGVdOUy5kYXRhgAZPEQGsAAAAAAGsAAIAAAxNYWNpbnRvc2ggSEQAAAAAAAAAAAAAAAAAAADJiAxhSCsAAAAPtV4PU2thbGthIDIwMDgucGRmAAAAAAAAAAAAAAAAAAAAAAAAAAAAAAAAAAAAAAAAAAAAAAAAAAAAAAAAAAAAAAAAACo6ssouO2QAAAAAAAAAAAADAAIAAAkgAAAAAAAAAAAAAAAAAAAABnBhcGVycwAQAAgAAMmH/lEAAAARAAgAAMouH0QAAAABABQAD7VeAAcKpQAHB/0ABa7EAACRngACAEdNYWNpbnRvc2ggSEQ6VXNlcnM6Y2NwYXN0ZXVyOkRyb3Bib3g6U2F1dmVnYXJkZXM6cGFwZXJzOlNrYWxrYSAyMDA4LnBkZgAADgAgAA8AUwBrAGEAbABrAGEAIAAyADAAMAA4AC4AcABkAGYADwAaAAwATQBhAGMAaQBuAHQAbwBzAGgAIABIAEQAEgA6VXNlcnMvY2NwYXN0ZXVyL0Ryb3Bib3gvU2F1dmVnYXJkZXMvcGFwZXJzL1NrYWxrYSAyMDA4LnBkZgATAAEvAAAVAAIAEP//AADSGxwdHlokY2xhc3NuYW1lWCRjbGFzc2VzXU5TTXV0YWJsZURhdGGjHR8gVk5TRGF0YVhOU09iamVjdNIbHCIjXE5TRGljdGlvbmFyeaIiIF8QD05TS2V5ZWRBcmNoaXZlctEmJ1Ryb290gAEACAARABoAIwAtADIANwBAAEYATQBUAFwAZwBpAGwAbgBwAHMAdQB3AIQAjgCwALUAvQC/Am8CdAJ/AogClgKaAqECqgKvArwCvwLRAtQC2QAAAAAAAAIBAAAAAAAAACgAAAAAAAAAAAAAAAAAAALb},
	Bdsk-Url-1 = {http://dx.doi.org/10.1017/S0956796807006466}}

@article{Nielson:1999,
	Author = {Nielson, F. and Nielson, H.},
	Date-Added = {2012-10-04 17:15:32 +0200},
	Date-Modified = {2012-10-04 17:15:32 +0200},
	Journal = {Correct System Design},
	Keywords = {reactivity;type system;type-and-effects},
	Pages = {114--136},
	Publisher = {Springer},
	Title = {Type and effect systems},
	Year = {1999},
	Bdsk-File-1 = {YnBsaXN0MDDUAQIDBAUGJCVYJHZlcnNpb25YJG9iamVjdHNZJGFyY2hpdmVyVCR0b3ASAAGGoKgHCBMUFRYaIVUkbnVsbNMJCgsMDRBWJGNsYXNzV05TLmtleXNaTlMub2JqZWN0c4AHog4PgAKAA6IREoAEgAVccmVsYXRpdmVQYXRoWWFsaWFzRGF0YV8QIC4uLy4uLy4uL3BhcGVycy9OaWVsc29uIDE5OTkucGRm0gkXGBlXTlMuZGF0YYAGTxEBsAAAAAABsAACAAAMTWFjaW50b3NoIEhEAAAAAAAAAAAAAAAAAAAAyYgMYUgrAAAAD7VeEE5pZWxzb24gMTk5OS5wZGYAAAAAAAAAAAAAAAAAAAAAAAAAAAAAAAAAAAAAAAAAAAAAAAAAAAAAAAAAAAAAAACJWhfLtHXwUERGIENBUk8AAwACAAAJIAAAAAAAAAAAAAAAAAAAAAZwYXBlcnMAEAAIAADJh/5RAAAAEQAIAADLtFnQAAAAAQAUAA+1XgAHCqUABwf9AAWuxAAAkZ4AAgBITWFjaW50b3NoIEhEOlVzZXJzOmNjcGFzdGV1cjpEcm9wYm94OlNhdXZlZ2FyZGVzOnBhcGVyczpOaWVsc29uIDE5OTkucGRmAA4AIgAQAE4AaQBlAGwAcwBvAG4AIAAxADkAOQA5AC4AcABkAGYADwAaAAwATQBhAGMAaQBuAHQAbwBzAGgAIABIAEQAEgA7VXNlcnMvY2NwYXN0ZXVyL0Ryb3Bib3gvU2F1dmVnYXJkZXMvcGFwZXJzL05pZWxzb24gMTk5OS5wZGYAABMAAS8AABUAAgAQ//8AANIbHB0eWiRjbGFzc25hbWVYJGNsYXNzZXNdTlNNdXRhYmxlRGF0YaMdHyBWTlNEYXRhWE5TT2JqZWN00hscIiNcTlNEaWN0aW9uYXJ5oiIgXxAPTlNLZXllZEFyY2hpdmVy0SYnVHJvb3SAAQAIABEAGgAjAC0AMgA3AEAARgBNAFQAXABnAGkAbABuAHAAcwB1AHcAhACOALEAtgC+AMACdAJ5AoQCjQKbAp8CpgKvArQCwQLEAtYC2QLeAAAAAAAAAgEAAAAAAAAAKAAAAAAAAAAAAAAAAAAAAuA=}}

@inproceedings{Talpin:1992a,
	Abstract = {The type and effect discipline, a framework for reconstructing the principal type and the minimal effect of expressions in implicitly typed polymorphic functional languages that support imperative constructs, is introduced. The type and effect discipline outperforms other polymorphic type systems. Just as types abstract collections of concrete values, effects denote imperative operations on regions. Regions abstract sets of possibly aliased memory locations. Effects are used to control type generalization in the presence of imperative constructs while regions delimit observable side effects. The observable effects of an expression range over the regions that are free in its type environment and its type; effects related to local data structures can be discarded during type reconstruction. The type of an expression can be generalized with respect to the variables that are not free in the type environment or in the observable effect},
	Author = {Talpin, J.-P. and Jouvelot, P.},
	Booktitle = {Logic in Computer Science, 1992. LICS '92., Proceedings of the Seventh Annual IEEE Symposium on},
	Date-Added = {2012-10-04 17:10:16 +0200},
	Date-Modified = {2012-10-04 17:10:16 +0200},
	Doi = {10.1109/LICS.1992.185530},
	Keywords = {type-and-effects; type system},
	Month = {jun},
	Pages = {162 -173},
	Title = {The type and effect discipline},
	Year = {1992},
	Bdsk-File-1 = {YnBsaXN0MDDUAQIDBAUGJCVYJHZlcnNpb25YJG9iamVjdHNZJGFyY2hpdmVyVCR0b3ASAAGGoKgHCBMUFRYaIVUkbnVsbNMJCgsMDRBWJGNsYXNzV05TLmtleXNaTlMub2JqZWN0c4AHog4PgAKAA6IREoAEgAVccmVsYXRpdmVQYXRoWWFsaWFzRGF0YV8QIC4uLy4uLy4uL3BhcGVycy9UYWxwaW4gMTk5MmEucGRm0gkXGBlXTlMuZGF0YYAGTxEBsAAAAAABsAACAAAMTWFjaW50b3NoIEhEAAAAAAAAAAAAAAAAAAAAyYgMYUgrAAAAD7VeEFRhbHBpbiAxOTkyYS5wZGYAAAAAAAAAAAAAAAAAAAAAAAAAAAAAAAAAAAAAAAAAAAAAAAAAAAAAAAAAAAAAAAAqMt3KLivvAAAAAAAAAAAAAwACAAAJIAAAAAAAAAAAAAAAAAAAAAZwYXBlcnMAEAAIAADJh/5RAAAAEQAIAADKLg/PAAAAAQAUAA+1XgAHCqUABwf9AAWuxAAAkZ4AAgBITWFjaW50b3NoIEhEOlVzZXJzOmNjcGFzdGV1cjpEcm9wYm94OlNhdXZlZ2FyZGVzOnBhcGVyczpUYWxwaW4gMTk5MmEucGRmAA4AIgAQAFQAYQBsAHAAaQBuACAAMQA5ADkAMgBhAC4AcABkAGYADwAaAAwATQBhAGMAaQBuAHQAbwBzAGgAIABIAEQAEgA7VXNlcnMvY2NwYXN0ZXVyL0Ryb3Bib3gvU2F1dmVnYXJkZXMvcGFwZXJzL1RhbHBpbiAxOTkyYS5wZGYAABMAAS8AABUAAgAQ//8AANIbHB0eWiRjbGFzc25hbWVYJGNsYXNzZXNdTlNNdXRhYmxlRGF0YaMdHyBWTlNEYXRhWE5TT2JqZWN00hscIiNcTlNEaWN0aW9uYXJ5oiIgXxAPTlNLZXllZEFyY2hpdmVy0SYnVHJvb3SAAQAIABEAGgAjAC0AMgA3AEAARgBNAFQAXABnAGkAbABuAHAAcwB1AHcAhACOALEAtgC+AMACdAJ5AoQCjQKbAp8CpgKvArQCwQLEAtYC2QLeAAAAAAAAAgEAAAAAAAAAKAAAAAAAAAAAAAAAAAAAAuA=},
	Bdsk-Url-1 = {http://dx.doi.org/10.1109/LICS.1992.185530}}

@book{Reppy:2007,
	Author = {Reppy, J.H.},
	Date-Added = {2012-10-04 16:56:19 +0200},
	Date-Modified = {2012-10-04 16:56:19 +0200},
	Keywords = {language},
	Publisher = {Cambridge University Press},
	Title = {Concurrent programming in ML},
	Year = {2007}}

@phdthesis{Mandel:2006,
	Author = {L. Mandel},
	Date-Added = {2012-10-04 16:22:43 +0200},
	Date-Modified = {2012-10-17 15:57:52 +0200},
	Keywords = {synchronous programming; ReactiveML; language; Combinators; reactive system; semantics},
	Read = {1},
	School = {Universit{\'e} Paris 6 - Pierre et Marie Curie},
	Title = {Conception, S{\'e}mantique et Implantation de ReactiveML : un langage {\`a} la ML pour la programmation r{\'e}active},
	Year = {2006},
	Bdsk-File-1 = {YnBsaXN0MDDUAQIDBAUGJCVYJHZlcnNpb25YJG9iamVjdHNZJGFyY2hpdmVyVCR0b3ASAAGGoKgHCBMUFRYaIVUkbnVsbNMJCgsMDRBWJGNsYXNzV05TLmtleXNaTlMub2JqZWN0c4AHog4PgAKAA6IREoAEgAVccmVsYXRpdmVQYXRoWWFsaWFzRGF0YV8QHy4uLy4uLy4uL3BhcGVycy9NYW5kZWwgMjAwNi5wZGbSCRcYGVdOUy5kYXRhgAZPEQGsAAAAAAGsAAIAAAxNYWNpbnRvc2ggSEQAAAAAAAAAAAAAAAAAAADJiAxhSCsAAAAPtV4PTWFuZGVsIDIwMDYucGRmAAAAAAAAAAAAAAAAAAAAAAAAAAAAAAAAAAAAAAAAAAAAAAAAAAAAAAAAAAAAAAAAACEchclL3c8AAAAAAAAAAAADAAIAAAkgAAAAAAAAAAAAAAAAAAAABnBhcGVycwAQAAgAAMmH/lEAAAARAAgAAMlLz78AAAABABQAD7VeAAcKpQAHB/0ABa7EAACRngACAEdNYWNpbnRvc2ggSEQ6VXNlcnM6Y2NwYXN0ZXVyOkRyb3Bib3g6U2F1dmVnYXJkZXM6cGFwZXJzOk1hbmRlbCAyMDA2LnBkZgAADgAgAA8ATQBhAG4AZABlAGwAIAAyADAAMAA2AC4AcABkAGYADwAaAAwATQBhAGMAaQBuAHQAbwBzAGgAIABIAEQAEgA6VXNlcnMvY2NwYXN0ZXVyL0Ryb3Bib3gvU2F1dmVnYXJkZXMvcGFwZXJzL01hbmRlbCAyMDA2LnBkZgATAAEvAAAVAAIAEP//AADSGxwdHlokY2xhc3NuYW1lWCRjbGFzc2VzXU5TTXV0YWJsZURhdGGjHR8gVk5TRGF0YVhOU09iamVjdNIbHCIjXE5TRGljdGlvbmFyeaIiIF8QD05TS2V5ZWRBcmNoaXZlctEmJ1Ryb290gAEACAARABoAIwAtADIANwBAAEYATQBUAFwAZwBpAGwAbgBwAHMAdQB3AIQAjgCwALUAvQC/Am8CdAJ/AogClgKaAqECqgKvArwCvwLRAtQC2QAAAAAAAAIBAAAAAAAAACgAAAAAAAAAAAAAAAAAAALb}}

@inproceedings{Lucassen:1988,
	Acmid = {73564},
	Address = {New York, NY, USA},
	Author = {Lucassen, J. M. and Gifford, D. K.},
	Booktitle = {Proceedings of the 15th ACM SIGPLAN-SIGACT symposium on Principles of programming languages},
	Date-Added = {2012-10-04 16:20:32 +0200},
	Date-Modified = {2012-10-04 16:20:32 +0200},
	Doi = {http://doi.acm.org/10.1145/73560.73564},
	Isbn = {0-89791-252-7},
	Keywords = {type-and-effects;type system},
	Location = {San Diego, California, United States},
	Numpages = {11},
	Pages = {47--57},
	Publisher = {ACM},
	Series = {POPL '88},
	Title = {Polymorphic effect systems},
	Url = {http://doi.acm.org/10.1145/73560.73564},
	Year = {1988},
	Bdsk-File-1 = {YnBsaXN0MDDUAQIDBAUGJCVYJHZlcnNpb25YJG9iamVjdHNZJGFyY2hpdmVyVCR0b3ASAAGGoKgHCBMUFRYaIVUkbnVsbNMJCgsMDRBWJGNsYXNzV05TLmtleXNaTlMub2JqZWN0c4AHog4PgAKAA6IREoAEgAVccmVsYXRpdmVQYXRoWWFsaWFzRGF0YV8QIS4uLy4uLy4uL3BhcGVycy9MdWNhc3NlbiAxOTg4LnBkZtIJFxgZV05TLmRhdGGABk8RAbQAAAAAAbQAAgAADE1hY2ludG9zaCBIRAAAAAAAAAAAAAAAAAAAAMmIDGFIKwAAAA+1XhFMdWNhc3NlbiAxOTg4LnBkZgAAAAAAAAAAAAAAAAAAAAAAAAAAAAAAAAAAAAAAAAAAAAAAAAAAAAAAAAAAAAAAKi0fyi4XqQAAAAAAAAAAAAMAAgAACSAAAAAAAAAAAAAAAAAAAAAGcGFwZXJzABAACAAAyYf+UQAAABEACAAAyi37iQAAAAEAFAAPtV4ABwqlAAcH/QAFrsQAAJGeAAIASU1hY2ludG9zaCBIRDpVc2VyczpjY3Bhc3RldXI6RHJvcGJveDpTYXV2ZWdhcmRlczpwYXBlcnM6THVjYXNzZW4gMTk4OC5wZGYAAA4AJAARAEwAdQBjAGEAcwBzAGUAbgAgADEAOQA4ADgALgBwAGQAZgAPABoADABNAGEAYwBpAG4AdABvAHMAaAAgAEgARAASADxVc2Vycy9jY3Bhc3RldXIvRHJvcGJveC9TYXV2ZWdhcmRlcy9wYXBlcnMvTHVjYXNzZW4gMTk4OC5wZGYAEwABLwAAFQACABD//wAA0hscHR5aJGNsYXNzbmFtZVgkY2xhc3Nlc11OU011dGFibGVEYXRhox0fIFZOU0RhdGFYTlNPYmplY3TSGxwiI1xOU0RpY3Rpb25hcnmiIiBfEA9OU0tleWVkQXJjaGl2ZXLRJidUcm9vdIABAAgAEQAaACMALQAyADcAQABGAE0AVABcAGcAaQBsAG4AcABzAHUAdwCEAI4AsgC3AL8AwQJ5An4CiQKSAqACpAKrArQCuQLGAskC2wLeAuMAAAAAAAACAQAAAAAAAAAoAAAAAAAAAAAAAAAAAAAC5Q==},
	Bdsk-Url-1 = {http://doi.acm.org/10.1145/73560.73564}}

@book{Amtoft:1999,
	Author = {Amtoft, T. and Nielson, F. and Nielson, H.},
	Date-Added = {2012-10-04 16:20:22 +0200},
	Date-Modified = {2012-10-04 16:20:22 +0200},
	Keywords = {type system; type-and-effects; reactivity},
	Publisher = {Imperial College Press},
	Title = {Type and Effect Systems: Behaviours for Concurrency},
	Year = {1999},
	Bdsk-File-1 = {YnBsaXN0MDDUAQIDBAUGJCVYJHZlcnNpb25YJG9iamVjdHNZJGFyY2hpdmVyVCR0b3ASAAGGoKgHCBMUFRYaIVUkbnVsbNMJCgsMDRBWJGNsYXNzV05TLmtleXNaTlMub2JqZWN0c4AHog4PgAKAA6IREoAEgAVccmVsYXRpdmVQYXRoWWFsaWFzRGF0YV8QHy4uLy4uLy4uL3BhcGVycy9BbXRvZnQgMTk5OS5wZGbSCRcYGVdOUy5kYXRhgAZPEQGsAAAAAAGsAAIAAAxNYWNpbnRvc2ggSEQAAAAAAAAAAAAAAAAAAADJiAxhSCsAAAAPtV4PQW10b2Z0IDE5OTkucGRmAAAAAAAAAAAAAAAAAAAAAAAAAAAAAAAAAAAAAAAAAAAAAAAAAAAAAAAAAAAAAAAAAImE/Mu1hQ5QREYgQ0FSTwADAAIAAAkgAAAAAAAAAAAAAAAAAAAABnBhcGVycwAQAAgAAMmH/lEAAAARAAgAAMu1aO4AAAABABQAD7VeAAcKpQAHB/0ABa7EAACRngACAEdNYWNpbnRvc2ggSEQ6VXNlcnM6Y2NwYXN0ZXVyOkRyb3Bib3g6U2F1dmVnYXJkZXM6cGFwZXJzOkFtdG9mdCAxOTk5LnBkZgAADgAgAA8AQQBtAHQAbwBmAHQAIAAxADkAOQA5AC4AcABkAGYADwAaAAwATQBhAGMAaQBuAHQAbwBzAGgAIABIAEQAEgA6VXNlcnMvY2NwYXN0ZXVyL0Ryb3Bib3gvU2F1dmVnYXJkZXMvcGFwZXJzL0FtdG9mdCAxOTk5LnBkZgATAAEvAAAVAAIAEP//AADSGxwdHlokY2xhc3NuYW1lWCRjbGFzc2VzXU5TTXV0YWJsZURhdGGjHR8gVk5TRGF0YVhOU09iamVjdNIbHCIjXE5TRGljdGlvbmFyeaIiIF8QD05TS2V5ZWRBcmNoaXZlctEmJ1Ryb290gAEACAARABoAIwAtADIANwBAAEYATQBUAFwAZwBpAGwAbgBwAHMAdQB3AIQAjgCwALUAvQC/Am8CdAJ/AogClgKaAqECqgKvArwCvwLRAtQC2QAAAAAAAAIBAAAAAAAAACgAAAAAAAAAAAAAAAAAAALb}}
