@INPROCEEDINGS{BaudartHirzelMandelShinnarSimeon-REBLS-2018,
  AUTHOR = {Guillaume Baudart and Martin Hirzel and Louis Mandel and Avraham Shinnar and Jerome Simeon},
  TITLE = {Reactive Chatbot Programming},
  BOOKTITLE = {Proceedings of the 5th ACM SIGPLAN International Workshop on Reactive and Event-Based Languages and Systems ({REBLS'18})},
  MONTH = nov,
  YEAR = 2018,
  ADDRESS = {Boston, MA, USA},
  NOTE = {{SPLASH} Workshop},
  URL = {BaudartHirzelMandelShinnarSimeon-REBLS-2018.pdf},
}

@INPROCEEDINGS{MandelBaudartShinnarKateHirzel-ProbProg-2018,
  AUTHOR = {Louis Mandel and Guillaume Baudart and Avraham Shinnar and Kiran Kate and Martin Hirzel},
  TITLE = {Probabilistic Reactive Programming},
  BOOKTITLE = {1st International Conference on Probabilistic Programming ({ProbProg'18})},
  YEAR = 2018,
  MONTH = oct,
  ADDRESS =  {Boston, MA, USA},
  NOTE = {poster},
  URL = {MandelBaudartShinnarKateHirzel-ProbProg-2018.pdf},
}

@INPROCEEDINGS{BaudartMandelPasteurPouzet-ICFP-2018,
  AUTHOR = {Guillaume Baudart and Louis Mandel and C{\'e}dric Pasteur and Marc Pouzet},
  TITLE = {Implement your own ReactiveML},
  BOOKTITLE = {Tutorial at the 23rd ACM SIGPLAN International Conference on Functional Programming ({ICFP'18})},
  YEAR = 2018,
  MONTH = Sep,
  ADDRESS = {St. Louis, USA},
  WEBPAGE = {http://reactiveml.org/icfp18},
}

@INPROCEEDINGS{MandelPasteurPouzet-PPDP-2015,
  AUTHOR = {Louis Mandel and C{\'e}dric Pasteur and Marc Pouzet},
  TITLE = {{ReactiveML}, Ten Years Later},
  BOOKTITLE = {Proceedings of 17th {ACM SIGPLAN} International Symposium on Principles and Practice of Declarative Programming ({PPDP'15})},
  YEAR = 2015,
  MONTH = jul,
  ADDRESS = {Siena, Italy},
  URL = {MandelPasteurPouzet-PPDP-2015.pdf},
}

@ARTICLE{MandelPasteurPouzet-SCP-2015,
  AUTHOR = {Louis Mandel and C{\'e}dric Pasteur and Marc Pouzet},
  TITLE = {Time refinement in a functional synchronous language},
  JOURNAL = {Science of Computer Programming},
  VOLUME = {111, Part 1},
  PAGES = {190 - 211},
  YEAR = 2015,
  NOTE = {Special Issue on Principles and Practice of Declarative Programming ({PPDP 2013})},
  URL = {MandelPasteurPouzet-SCP-2015.pdf},
  WEBPAGE = {http://reactiveml.org/scp15},
}

@INPROCEEDINGS{MandelPasteur-SAS-2014,
  AUTHOR = {Louis Mandel and C{\'e}dric Pasteur},
  TITLE = {Reactivity of Cooperative Systems},
  BOOKTITLE = {Proceedings of 21st International Static Analysis Symposium (SAS'14)},
  YEAR = 2014,
  MONTH = sep,
  ADDRESS = {Munich, Germany},
  URL = {MandelPasteur-SAS-2014.pdf},
  WEBPAGE = {http://reactiveml.org/sas14},
}

@TECHREPORT{MandelPasteur-SAS-extended-2014,
  AUTHOR = 	 {Louis Mandel and C{\'e}dric Pasteur},
  TITLE = 	 {Reactivity of Cooperative Systems -- extended version},
  INSTITUTION =  {INRIA},
  NUMBER = 	 8549,
  YEAR = 	 2014,
  NOTE = 	 {Available at: \url{http://reactiveml.org/sas14}},
  TYPE = 	 {Research Report},
  URL = {MandelPasteur-SAS-extended-2014.pdf},
}

@INPROCEEDINGS{MandelPasteur-JFLA-2014,
  AUTHOR = {Louis Mandel and C{\'e}dric Pasteur},
  TITLE = {Ex{\'e}cution efficace de programmes {ReactiveML}},
  BOOKTITLE = {Vingt-cinqui{\`e}mes Journ{\'e}es Francophones des Langages Applicatifs (JFLA'14)},
  YEAR = 2014,
  MONTH = jan,
  ADDRESS = {Fr{\'e}jus, France},
  URL = {MandelPasteur-JFLA-2014.pdf},
}

@PHDTHESIS{Pasteur-These,
  AUTHOR = {C{\'e}dric Pasteur},
  TITLE = {Raffinement temporel et ex{\'e}cution parall{\`e}le dans un langage synchrone fonctionnel},
  SCHOOL = {Universit{\'e} Paris 6},
  YEAR = {2013},
  URL = {Pasteur-These.pdf},
  WEBPAGE = {http://reactiveml.org/these_pasteur},
}

@INPROCEEDINGS{BaudartJacquemardMandelPouzet-EMSOFT-2013,
  AUTHOR = {Guillaume Baudart and Florent Jacquemard and Louis Mandel and Marc Pouzet},
  TITLE = {A Synchronous Embedding of {Antescofo}, a Domain-Specific Language for Interactive Mixed Music},
  BOOKTITLE = {Thirteen International Conference on Embedded Software (EMSOFT'13)},
  YEAR = 2013,
  MONTH = SEP,
  ADDRESS = {Montreal, Canada},
  URL = {BaudartJacquemardMandelPouzet-EMSOFT-2013.pdf},
  WEBPAGE = {http://reactiveml.org/emsoft13},
}

@INPROCEEDINGS{BaudartMandelPouzet-FARM-2013,
  AUTHOR = {Guillaume Baudart and Louis Mandel and Marc Pouzet},
  TITLE = {Programming Mixed Music in {ReactiveML}},
  BOOKTITLE = {ACM SIGPLAN Workshop on Functional Art, Music, Modeling and Design ({FARM'13})},
  YEAR = 2013,
  MONTH = SEP,
  ADDRESS = {Boston, USA},
  NOTE = {Workshop ICFP 2013},
  URL = {BaudartMandelPouzet-FARM-2013.pdf},
  WEBPAGE = {http://reactiveml.org/farm13},
}

@INPROCEEDINGS{MandelPasteurPouzet-PPDP-2013,
  AUTHOR = {Louis Mandel and C{\'e}dric Pasteur and Marc Pouzet},
  TITLE = {Time Refinement in a Functional Synchronous Language},
  BOOKTITLE = {Proceedings of 15th {ACM SIGPLAN} International Symposium on Principles and Practice of Declarative Programming ({PPDP'13})},
  YEAR = 2013,
  ADDRESS = {Madrid, Spain},
  MONTH = SEP,
  URL = {MandelPasteurPouzet-PPDP-2013.pdf},
  WEBPAGE = {http://reactiveml.org/ppdp13},
}

@INPROCEEDINGS{MandelPasteur-JFLA-2013,
  AUTHOR = {Louis Mandel and C{\'e}dric Pasteur},
  TITLE = {R{\'e}activit{\'e} des syst{\`e}mes coop{\'e}ratifs : le cas de {ReactiveML}},
  BOOKTITLE = {Vingt-quatri{\`e}mes Journ{\'e}es Francophones des Langages Applicatifs ({JFLA'13})},
  YEAR = 2013,
  MONTH = FEB,
  ADDRESS = {Aussois, France},
  URL = {MandelPasteur-JFLA-2013.pdf},
  WEBPAGE = {http://reactiveml.org/jfla13},
}

@INPROCEEDINGS{MandelPlateau-SLAP-2008,
  AUTHOR = {Louis Mandel and Florence Plateau},
  TITLE = {Interactive Programming of Reactive Systems},
  BOOKTITLE = {Proceedings of Model-driven High-level Programming of Embedded Systems ({SLA++P'08})},
  YEAR = 2008,
  MONTH = APR,
  ADDRESS = {Budapest, Hungary},
  URL = {MandelPlateau-SLAP-2008.pdf}
}

@article{MandelPouzet-TSI-2008,
  author = {Louis Mandel and Marc Pouzet},
  title = {{ReactiveML} : un langage fonctionnel pour la programmation r{\'e}active},
  journal = {Technique et Science Informatiques ({TSI})},
  year = 2008,
  volume = 27,
  number = {9--10/2008},
  pages = {1097--1128},
  url = {MandelPouzet-TSI-2008.pdf}
}

@inproceedings{MorelMandel-FESCA-2007,
  author = {Lionel Morel and Louis Mandel},
  title = {Executable Contracts for Incremental Prototypes of Embedded Systems},
  booktitle = {Formal Foundations of Embedded Software
                  and Component-Based Software Architectures ({FESCA'07})},
  month = mar,
  year = 2007,
  url = {MorelMandel-FESCA-2007.pdf}
}

@PHDTHESIS{Mandel-These,
  AUTHOR = {Louis Mandel},
  TITLE = {Conception, S{\'e}mantique et Implantation de {ReactiveML} : un langage {\`a} la {ML} pour la programmation r{\'e}active},
  SCHOOL = {Universit{\'e} Paris 6},
  YEAR = {2006},
  URL = {Mandel-These.pdf}
}

@INPROCEEDINGS{SamperMaraninchiMounierMandel-InterSense-2006,
  AUTHOR = {Ludovic Samper and Florence Maraninchi and Laurent Mounier
                  and Louis Mandel},
  TITLE = {{GLONEMO}: Global and Accurate Formal Models for the Analysis of Ad hoc Sensor Networks},
  BOOKTITLE = {Proceedings of the First International Conference on Integrated Internet Ad hoc and Sensor Networks ({InterSense'06})},
  YEAR = {2006},
  ADDRESS = {Nice, France},
  MONTH = MAY,
  URL = {SamperMaraninchiMounierMandel-InterSense-2006.pdf}
}



@INPROCEEDINGS{MandelPouzet-PPDP-2005,
  AUTHOR = {Louis Mandel and Marc Pouzet},
  TITLE = {{ReactiveML}, a Reactive Extension to {ML}},
  BOOKTITLE = {Proceedings of 7th {ACM SIGPLAN} International Symposium on Principles and Practice of Declarative Programming ({PPDP'05})},
  YEAR = 2005,
  ADDRESS = {Lisbon, Portugal},
  MONTH = JUL,
  URL = {MandelPouzet-PPDP-2005.pdf},
  URL2 = {MandelPouzet-PPDPextended-2005.pdf}
}

@INPROCEEDINGS{MandelBenbadis-SLAP-2005,
  AUTHOR = {Louis Mandel and Farid Benbadis},
  TITLE = {Simulation of Mobile Ad hoc Network Protocols in {ReactiveML}},
  BOOKTITLE = {Proceedings of Synchronous Languages, Applications, and Programming ({SLAP'05})},
  PUBLISHER = {Electronic Notes in Theoretical Computer Science},
  YEAR = 2005,
  MONTH = APR,
  ADDRESS = {Edinburgh, Scotland},
  URL = {MandelBenbadis-SLAP-2005.pdf}
}

@INPROCEEDINGS{MandelPouzet-JFLA-2005,
  AUTHOR = {Louis Mandel and Marc Pouzet},
  TITLE = {{ReactiveML}, un langage pour la programmation r{\'e}active en {ML}},
  BOOKTITLE = {Journ{\'e}es Francophones des Langages Applicatifs ({JFLA'05})},
  YEAR = 2005,
  ADDRESS = {Obernai, France},
  MONTH = MAR,
  PUBLISHER = {INRIA},
  URL = {MandelPouzet-JFLA-2005.ps}
}
